%% This BibTeX bibliography file was created using BibDesk.
%% http://bibdesk.sourceforge.net/


%% Created for Ermo Wei at 2015-11-01 01:51:58 -0500 


%% Saved with string encoding Unicode (UTF-8) 


@string{icml2015 = {Proceedings of the 32nd International Conference on Machine Learning (ICML-15)}}


@article{hornik1989multilayer,
	Author = {Kurt Hornik and Maxwell Stinchcombe and Halbert White},
	Date-Added = {2015-11-01 06:50:07 +0000},
	Date-Modified = {2015-11-01 06:51:54 +0000},
	Journal = {Neural networks},
	Number = {5},
	Pages = {359--366},
	Title = {Multilayer feedforward networks are universal approximators},
	Volume = {2},
	Year = {1989}}
