@article{singh2000convergence,
  title={Convergence results for single-step on-policy reinforcement-learning algorithms},
  author={Singh, Satinder and Jaakkola, Tommi and Littman, Michael L and Szepesv{\'a}ri, Csaba},
  journal={Machine Learning},
  volume={38},
  number={3},
  pages={287--308},
  year={2000},
  publisher={Springer}
}

@article{ortner2007linear,
  title={Linear dependence of stationary distributions in ergodic Markov decision processes},
  author={Ortner, Ronald},
  journal={Operations research letters},
  volume={35},
  number={5},
  pages={619--626},
  year={2007},
  publisher={Elsevier}
}

@book{barto1998reinforcement,
  title={Reinforcement learning: An introduction},
  author={Barto, Andrew G},
  year={1998},
  publisher={MIT press}
}

@article{conrad2014contraction,
  title={The contraction mapping theorem},
  author={Conrad, Keith},
  journal={Expository paper. University of Connecticut, College of Liberal Arts and Sciences, Department of Mathematics},
  year={2014}
}